@article{Koren:2009,
 author = {Koren, Yehuda and Bell, Robert and Volinsky, Chris},
 title = {Matrix Factorization Techniques for Recommender Systems},
 journal = {Computer},
 issue_date = {August 2009},
 volume = {42},
 number = {8},
 month = aug,
 year = {2009},
 issn = {0018-9162},
 pages = {30--37},
 numpages = {8},
 url = {http://dx.doi.org/10.1109/MC.2009.263},
 doi = {10.1109/MC.2009.263},
 acmid = {1608614},
 publisher = {IEEE Computer Society Press},
 address = {Los Alamitos, CA, USA},
 keywords = {Computational intelligence, Computational intelligence, Netflix Prize, Matrix factorization, Matrix factorization, Netflix Prize},
}

@inproceedings{Rendle:2010:PIT,
 author = {Rendle, Steffen and Schmidt-Thieme, Lars},
 title = {Pairwise Interaction Tensor Factorization for Personalized Tag Recommendation},
 booktitle = {Proceedings of the Third ACM International Conference on Web Search and Data Mining},
 series = {WSDM '10},
 year = {2010},
 isbn = {978-1-60558-889-6},
 location = {New York, New York, USA},
 pages = {81--90},
 numpages = {10},
 url = {http://doi.acm.org/10.1145/1718487.1718498},
 doi = {10.1145/1718487.1718498},
 acmid = {1718498},
 publisher = {ACM},
 address = {New York, NY, USA},
 keywords = {personalization, recommender systems, tag recommendation, tensor factorization},
}

@inproceedings{Rendle:2010:FPM,
 author = {Rendle, Steffen and Freudenthaler, Christoph and Schmidt-Thieme, Lars},
 title = {Factorizing Personalized Markov Chains for Next-basket Recommendation},
 booktitle = {Proceedings of the 19th International Conference on World Wide Web},
 series = {WWW '10},
 year = {2010},
 isbn = {978-1-60558-799-8},
 location = {Raleigh, North Carolina, USA},
 pages = {811--820},
 numpages = {10},
 url = {http://doi.acm.org/10.1145/1772690.1772773},
 doi = {10.1145/1772690.1772773},
 acmid = {1772773},
 publisher = {ACM},
 address = {New York, NY, USA},
 keywords = {basket recommendation, markov chain, matrix factorization},
}

@inproceedings{Cheng:2013,
 author = {Cheng, Chen and Yang, Haiqin and Lyu, Michael R. and King, Irwin},
 title = {Where You Like to Go Next: Successive Point-of-interest Recommendation},
 booktitle = {Proceedings of the Twenty-Third International Joint Conference on Artificial Intelligence},
 series = {IJCAI '13},
 year = {2013},
 isbn = {978-1-57735-633-2},
 location = {Beijing, China},
 pages = {2605--2611},
 numpages = {7},
 url = {http://dl.acm.org/citation.cfm?id=2540128.2540504},
 acmid = {2540504},
 publisher = {AAAI Press},
}

@article{Li:2017,
 author = {Li, Xin and Jiang, Mingming and Hong, Huiting and Liao, Lejian},
 title = {A Time-Aware Personalized Point-of-Interest Recommendation via High-Order Tensor Factorization},
 journal = {ACM Trans. Inf. Syst.},
 issue_date = {August 2017},
 volume = {35},
 number = {4},
 month = jun,
 year = {2017},
 issn = {1046-8188},
 pages = {31:1--31:23},
 articleno = {31},
 numpages = {23},
 url = {http://doi.acm.org/10.1145/3057283},
 doi = {10.1145/3057283},
 acmid = {3057283},
 publisher = {ACM},
 address = {New York, NY, USA},
 keywords = {HITS algorithm, Time-aware POI recommendation, tensor factorization},
}